@article{jenkins01,
    author = {Jenkins, Marc K. and Khoruts, Alexander and Ingulli, Elizabeth and Mueller, Daniel L. and McSorley, Stephen J. and Reinhardt, R. Lee and Itano, Andrea and Pape, Kathryn A.},
    title = {In vivo activation of antigen-specific CD4 T Cells},
    journal = {Annual Review of Immunology},
    volume = {19},
    number = {1},
    pages = {23-45},
    year = {2001},
}

@article{rudolph06,
    author = {Rudolph, MG and Stanfield, RL and Wilson, IA},
    title = {How TCRs bind MHCs, peptides, and coreceptors},
    journal = {Annual Review of Immunology},
    volume = {24},
    number = {1},
    pages = {419-466},
    year = {2006},
}

@article{jones06,
    author = {Jones, E. Yvonne and Fugger, Lars and Strominger, Jack L. and Siebold, Christian},
    journal = {Nat Rev Immunol},
    month = apr,
    number = {4},
    pages = {271--282},
    publisher = {Nature Publishing Group},
    title = {MHC class II proteins and disease: a structural perspective},
    volume = {6},
    year = {2006}
}

@article{gulukota00,
    author={Gulukota, Kamalakar and DeLisi, Charles},
    title={Neural Network Method for Predicting Peptides that Bind Major Histocompatibility Complex Molecules},
    journal={Methods in Molecular Biology},
    year={2000},
    month={September},
    volume={156},
}

@article{noguchi02,
    title = "Hidden Markov model-based prediction of antigenic peptides that interact with MHC class II molecules",
    journal = "Journal of Bioscience and Bioengineering",
    volume = "94",
    number = "3",
    pages = "264 - 270",
    year = "2002",
    issn = "1389-1723",
    doi = "10.1016/S1389-1723(02)80160-8",
    author = "Hideki Noguchi and Ryuji Kato and Taizo Hanai and Yukari Matsubara and Hiroyuki Honda and Vladimir Brusic and Takeshi Kobayashi",
}

@article{wan06,
    year={2006},
    journal={BMC Bioinformatics},
    volume={7},
    issue={1},
    title={SVRMHC prediction server for MHC-binding peptides},
    publisher={BioMed Central},
    author={Wan, Ji and Liu, Wen and Xu, Qiqi and Ren, Yongliang and Flower, DarrenR and Li, Tongbin},
    pages={1-5},
}

@article{doytchinova05,
    year={2005},
    issn={0920-654X},
    journal={Journal of Computer-Aided Molecular Design},
    volume={19},
    issue={3},
    title={Towards the chemometric dissection of peptide – HLA-A*0201 binding affinity: comparison of local and global QSAR models},
    publisher={Kluwer Academic Publishers},
    author={Doytchinova, IriniA. and Walshe, Valerie and Borrow, Persephone and Flower, DarrenR.},
    pages={203-212},
}

@article{davies06,
    year={2006},
    journal={BMC Structural Biology},
    volume={6},
    issue={1},
    title={Statistical deconvolution of enthalpic energetic contributions to MHC-peptide binding affinity},
    publisher={BioMed Central},
    author={Davies, MatthewN and Hattotuwagama, ChannaK and Moss, DavidS and Drew, MichaelGB and Flower, DarrenR},
    pages={1-13},
}

@article{dimitrov10,
    year={2010},
    journal={Journal of Biomedicine and Biotechnology},
    issue={1},
    title={MHC Class II Binding Prediction—A Little Help from a Friend},
    publisher={BioMed Central},
    author={Dimitrov, Ivan and Garnev, Panayot and Flower, Darren R. and Doytchinova, Irini},
}

@ARTICLE{wang08,
    AUTHOR = "Peng Wang and John Sidney and Courtney Dow and Bianca Mothé and Alessandro Sette and Björn Peters",
    TITLE = "A Systematic Assessment of MHC Class II Peptide Binding Predictions and Evaluation of a Consensus Approach",
    JOURNAL = "PLoS Computational Biology",
    YEAR = {2008},
}

@article{elidan08,
    author    = {Gal Elidan and Benjamin Packer and Geremy Heitz and Daphne Koller},
    title     = {Convex Point Estimation using Undirected Bayesian Transfer Hierarchies},
    journal   = {CoRR},
    volume    = {abs/1206.3252},
    year      = {2008},
    ee        = {http://arxiv.org/abs/1206.3252},
    bibsource = {DBLP, http://dblp.uni-trier.de}
}

@article{friedman09,
  author =  "Jerome H. Friedman and Trevor Hastie and Rob Tibshirani",
  title =   "Regularization Paths for Generalized Linear Models via Coordinate Descent",
  journal = "Journal of Statistical Software",
  volume =  "33",
  number =  "1",
  pages =   "1--22",
  day =     "2",
  month =   "2",
  year =    "2010",
  CODEN =   "JSSOBK",
  ISSN =    "1548-7660",
  bibdate = "2009-12-15",
  accepted =    "2009-12-15",
  acknowledgement = "",
  keywords =    "",
  submitted =   "2009-04-22",
}

@misc{wangData08,
    author = {Peng Wang and John Sidney and Courtney Dow and Bianca Mothé and Alessandro Sette and Björn Peters},
    title = {MHC Class II Peptide Data},
    howpublished ="\url{http://mhcbindingpredictions.immuneepitope.org/MHCII/}",
    year = {2008},
    note ={Online},
}

@ARTICLE{qian88,
    author = {Ning Qian and Terrence J. Sejnowski},
    title = {Predicting the secondary structure of globular proteins using neural networks models},
    journal = {J. Molecular Biology},
    year = {1988}
}

@misc{jojic12,
    author = {Vladimir Jojic},
    title = {ADMM Fused Lasso Signal Approximator},
    howpublished ="\url{http://www.cs.unc.edu/~vjojic/comp790/notes/ADMMFLSA.pdf}",
    year = {2012},
    note ={Online},
}

@misc{burke12,
    author = {James Burke},
    title = {Line Search methods},
    howpublished ="\url{http://www.math.washington.edu/~burke/crs/408/notes/nlp/line.pdf}",
    year = {2012},
    note ={Online},
}


